@misc{nakamoto2008bitcoin,
  title={Bitcoin: A peer-to-peer electronic cash system},
  author={Nakamoto, Satoshi},
  year={2008}
}


@misc{monero,
  title = {{MONERO} Private Digital Currency},
 author = {Monero},
  howpublished = {\url{https://getmonero.org/}},
  note = {Accessed: 2017-11-20},
  year={2014}
}


@misc{coinhive,
  title = {{Coinhive} Monetize Your Business With Your Users CPU Power},
 author = {Coinhive},
  howpublished = {\url{https://coinhive.com/}},
  note = {Accessed: 2017-11-20},
  year={2017}
}


@misc{coinmarketcap,
  title = {Global Charts},
 author = {Coinmarketcap},
  howpublished = {\url{https://coinmarketcap.com/}},
  note = {Accessed: 2017-11-20},
  year={2017}
}


@misc{showtimehive,
  title = {Showtime websites secretly mined user CPU for cryptocurrency},
 author = {The Verge},
  howpublished = {\url{https://www.theverge.com/2017/9/26/16367620/showtime-cpu-cryptocurrency-monero-coinhive}},
  note = {Accessed: 2017-11-20},
  year={2017}
}


@misc{piratesbayhive,
  title = {Browser-Based Mining Malware Found on Pirate Bay, Others},
 author = {ExtremeTech},
  howpublished = {\url{https://www.extremetech.com/internet/255971-browser-based-cryptocurrency-malware-appears-online-pirate-bay}},
  note = {Accessed: 2017-11-20},
  year={2017}
}



@misc{blockchaininfohashrate,
  title = {Bitcoin hash rate},
 author = {Blockchain.info},
  howpublished = {\url{https://blockchain.info/charts/hash-rate}},
  note = {Accessed: 2017-11-20},
  year={2017}
}


 @InProceedings{censys15,
        author = {Zakir Durumeric and David Adrian and Ariana Mirian and Michael Bailey and J. Alex Halderman},
        title = {A Search Engine Backed by {I}nternet-Wide Scanning},
        booktitle = {Proceedings of the 22nd ACM Conference on Computer and Communications Security},
        month = oct,
        year = 2015
    }



