@misc{nakamoto2008bitcoin,
  title={Bitcoin: A peer-to-peer electronic cash system},
  author={Nakamoto, Satoshi},
  year={2008}
}


@misc{monero,
  title = {{MONERO} Private Digital Currency},
 author = {Monero},
  howpublished = {\url{https://getmonero.org/}},
  note = {Accessed: 2017-11-20},
  year={2014}
}


@misc{coinhive,
  title = {{Coinhive} Monetize Your Business With Your Users CPU Power},
 author = {Coinhive},
  howpublished = {\url{https://coinhive.com/}},
  note = {Accessed: 2017-11-20},
  year={2017}
}


@misc{showtimehive,
  title = {Showtime websites secretly mined user CPU for cryptocurrency},
 author = {TheVerge},
  howpublished = {\url{https://www.theverge.com/2017/9/26/16367620/showtime-cpu-cryptocurrency-monero-coinhive}},
  note = {Accessed: 2017-11-20},
  year={2017}
}


@misc{vergeadinjection,
  title = {Hotel caught injecting advertising into webpages on complimentary Wi-Fi network},
 author = {TheVerge},
  howpublished = {\url{https://www.theverge.com/2012/4/7/2931600/hotel-caught-injecting-advertising-into-web-pages-on-complimentary-wi}},
  note = {Accessed: 2017-12-08},
  year={2012}
}


@misc{bleepingcomputerminers,
  title = {The Internet Is Ride with In-Browser Miners and It is Getting Worse Each Day},
 author = {BleepingComputer},
  howpublished = {\url{https://www.bleepingcomputer.com/news/security/the-internet-is-rife-with-in-browser-miners-and-its-getting-worse-each-day/}},
  note = {Accessed: 2017-12-08},
  year={2012}
}



@misc{piratesbayhive,
  title = {Browser-Based Mining Malware Found on Pirate Bay, Others},
 author = {ExtremeTech},
  howpublished = {\url{https://www.extremetech.com/internet/255971-browser-based-cryptocurrency-malware-appears-online-pirate-bay}},
  note = {Accessed: 2017-11-20},
  year={2017}
}

@misc{piratesbayblog,
  title = {The galaxys most resilient bittorrent site},
 author = {ThePirateBay},
  howpublished = {\url{https://thepiratebay.org/blog/242}},
  note = {Accessed: 2017-11-20},
  year={2017}
}


@misc{cryptoknight,
  title = {CryptoNote Technology},
 author = {Cryptonote},
  howpublished = {\url{https://cryptonote.org/inside.php#equal-proof-of-work}},
  note = {Accessed: 2017-11-20},
  year={2017}
}


@misc{gaurdianelectricity,
  title = {Ads dont work so websites are using your electricity to pay the bills},
 author = {TheGuardian},
  howpublished = {\url{https://www.theguardian.com/technology/2017/sep/27/pirate-bay-showtime-ads-websites-electricity-pay-bills-cryptocurrency-bitcoin}},
  note = {Accessed: 2017-11-20},
  year={2017}
}


@misc{chatsupporthack,
  title = {Security incident Nov 23rd, 2017},
 author = {LiveHelpNow},
  howpublished = {\url{https://blog.livehelpnow.net/security-incident-nov-23rd-2017/}},
  note = {Accessed: 2017-12-14},
  year={2017}
}


@misc{van2013cryptonote,
  title={Cryptonote v 2. 0},
  author={van Saberhagen, Nicolas},
  year={2013},
  howpublished = {\url{https://bytecoin.org/old/whitepaper.pdf}},
}


@misc{registerufcmonero,
  title={Lets get ready to grumble! UFC secretly choke slams browsers with Monero miners},
  author={TheRegister},
  year={2017},
  howpublished = {\url{https://www.theregister.co.uk/2017/11/07/ufc_coin_hive/}},
}

@misc{eucookie,
  title={Cookies},
  author={European-Commission},
  year={2011},
  howpublished = {\url{http://ec.europa.eu/ipg/basics/legal/cookies/index_en.htm}},
  note = {Accessed: 2017-12-08},
}

@misc{coinhivecopycats,
  title={Coinhive Hacked and Launches New Opt-In Service},
  author={DeepDotWeb},
  year={2017},
  howpublished = {\url{https://www.deepdotweb.com/2017/11/11/coinhive-hacked-launches-new-opt-service/}}
}


@misc{checkpoint,
  title={Octoberâ€™s Most Wanted Malware: Cryptocurrency Mining Presents New Threat},
  author={CheckPointResearchTeam},
  year={2017},
  howpublished = {\url{https://blog.checkpoint.com/2017/11/13/octobers-wanted-malware-cryptocurrency-mining-presents-new-threat/}}
}


@misc{bbcmintcrypto,
  title={Websites hacked to mint crypto-cash},
  author={BBC},
  year={2017},
  howpublished = {\url{http://www.bbc.com/news/technology-41518351}}
}


 @InProceedings{censys15,
        author = {Zakir Durumeric and David Adrian and Ariana Mirian and Michael Bailey and J. Alex Halderman},
        title = {A Search Engine Backed by {I}nternet-Wide Scanning},
        booktitle = {Proceedings of the 22nd ACM Conference on Computer and Communications Security},
        month = oct,
        year = 2015
    }


@inproceedings{SHB11,
	Author = {A Sotirakopoulos and K. Hawkey and K. Beznosov},
	Booktitle = {SOUPS},
	Date-Added = {2012-10-12 11:44:23 -0400},
	Date-Modified = {2012-10-12 11:47:17 -0400},
	Title = {On the Challenges in Usable Security Lab Studies: Lessons Learned from Replicating a Study on {SSL} Warnings},
	Year = {2011}}
	
	
@inproceedings{SEAAC09,
	Author = {J. Sunshine and S. Egelman and H. Almuhimedi and N. Atri and L. F. Cranor},
	Booktitle = {USENIX Security},
	Date-Added = {2011-10-13 13:50:23 -0400},
	Date-Modified = {2011-10-13 13:51:15 -0400},
	Title = {Crying Wolf: An Empirical Study of {SSL} Warning Effectiveness},
	Year = {2009}}

@article{king2007internet,
  title={Internet advertising and the generalized second-price auction: Selling billions of dollars worth of keywords},
  author={King, Mervyn and Atkins, Jill and Schwarz, Michael},
  journal={The American economic review},
  volume={97},
  number={1},
  pages={242--259},
  year={2007},
  publisher={American Economic Association}
}

@article{moor1985computer,
  title={What is computer ethics?},
  author={Moor, James H},
  journal={Metaphilosophy},
  volume={16},
  number={4},
  pages={266--275},
  year={1985},
  publisher={Wiley Online Library}
}
